<record><leader>00000cas a22000007a 4500</leader><controlfield tag="001">21131060</controlfield><controlfield tag="008">900227d18881889gauwr ne      0    0eng d</controlfield><datafield ind1=" " ind2=" " tag="010"><subfield code="a">sn 89053860 </subfield></datafield><datafield ind1=" " ind2=" " tag="040"><subfield code="a">NLG</subfield><subfield code="b">eng</subfield><subfield code="c">NLG</subfield><subfield code="d">GUA</subfield><subfield code="d">OCLCQ</subfield><subfield code="d">OCLCF</subfield><subfield code="d">OCLCO</subfield></datafield><datafield ind1="1" ind2=" " tag="029"><subfield code="a">AU@</subfield><subfield code="b">000025988601</subfield></datafield><datafield ind1=" " ind2=" " tag="042"><subfield code="a">msc</subfield></datafield><datafield ind1=" " ind2=" " tag="043"><subfield code="a">n-us-ga</subfield></datafield><datafield ind1="0" ind2=" " tag="130"><subfield code="a">Farmers journal (Homer, Ga.)</subfield></datafield><datafield ind1="1" ind2="4" tag="245"><subfield code="a">The Farmers journal.</subfield></datafield><datafield ind1=" " ind2=" " tag="260"><subfield code="a">Homer, Ga. :</subfield><subfield code="b">Jno. Barton,</subfield><subfield code="c">[1888-1889]</subfield></datafield><datafield ind1=" " ind2=" " tag="300"><subfield code="a">v.</subfield></datafield><datafield ind1=" " ind2=" " tag="310"><subfield code="a">Weekly</subfield></datafield><datafield ind1="0" ind2=" " tag="362"><subfield code="a">Vol. 1, no. 38 (Jan. 23, 1889)-</subfield></datafield><datafield ind1="1" ind2=" " tag="362"><subfield code="a">Ceased in 1889.</subfield></datafield><datafield ind1=" " ind2=" " tag="530"><subfield code="a">Also on microfilm: Athens, Ga. : University of Georgia Libraries.</subfield></datafield><datafield ind1=" " ind2="0" tag="651"><subfield code="a">Banks County (Ga.)</subfield><subfield code="v">Newspapers.</subfield></datafield><datafield ind1=" " ind2="4" tag="651"><subfield code="a">Homer (Ga.)</subfield><subfield code="v">Newspapers.</subfield></datafield><datafield ind1=" " ind2="7" tag="655"><subfield code="a">Newspapers.</subfield><subfield code="2">fast</subfield><subfield code="0">(OCoLC)fst01423814</subfield></datafield><datafield ind1=" " ind2="7" tag="651"><subfield code="a">Georgia</subfield><subfield code="z">Banks County.</subfield><subfield code="2">fast</subfield><subfield code="0">(OCoLC)fst01214864</subfield></datafield><datafield ind1=" " ind2=" " tag="752"><subfield code="a">United States</subfield><subfield code="b">Georgia</subfield><subfield code="c">Banks</subfield><subfield code="d">Homer.</subfield></datafield><datafield ind1="0" ind2="0" tag="780"><subfield code="t">Banks County observer</subfield><subfield code="w">(DLC)sn 90052166</subfield><subfield code="w">(OCoLC)21282860</subfield></datafield><datafield ind1="0" ind2="0" tag="785"><subfield code="t">Weekly journal (Homer, Ga.)</subfield><subfield code="w">(DLC)sn 89053859</subfield><subfield code="w">(OCoLC)21131123</subfield></datafield></record>